@article{gameoflife,
  author          = {Martin Gardner},
  journal         = {Scientific American},
  number          = {4},
  title           = {The fantastic combinations of John Conway's new solitaire game `life'},
  volume          = {223},
  year            = {1970}
}

@misc{playgameoflife,
      author = {Edwin Martin},
      title = {PlayGameOfLife.com},
      url = {https://playgameoflife.com/},
      note = {accessed Mar. 27, 2024},
}

@article{10.1145/356635.356640,
author = {Knuth, Donald E.},
title = {Structured Programming with go to Statements},
year = {1974},
issue_date = {Dec. 1974},
publisher = {Association for Computing Machinery},
address = {New York, NY, USA},
volume = {6},
number = {4},
issn = {0360-0300},
url = {https://doi.org/10.1145/356635.356640},
doi = {10.1145/356635.356640},
journal = {ACM Comput. Surv.},
month = {dec},
pages = {261-301},
numpages = {41}
}

@misc{sepfilter,
  author       = {Wikipedia.org},
  howpublished = {https://en.wikipedia.org/wiki/Separable\_filter},
  title        = {Separable filter},
  year         = {2022}
}
